<?xml version="1.0" encoding="UTF-8" ?><marc:collection xmlns:marc="http://www.loc.gov/MARC21/slim" xmlns:xsi="http://www.w3.org/2001/XMLSchema-instance" xsi:schemaLocation="http://www.loc.gov/MARC21/slim http://www.loc.gov/standards/marcxml/schema/MARC21slim.xsd">
<marc:record><marc:leader>00835ctmaa2200217Ia 4500</marc:leader>
<marc:controlfield tag="001">002119540</marc:controlfield>
<marc:controlfield tag="005">20120106152401.0</marc:controlfield><marc:controlfield tag="008">960603s1808    mdu           000 0 eng d</marc:controlfield><marc:datafield tag="035" ind1=" " ind2=" "><marc:subfield code="a">34848047</marc:subfield></marc:datafield><marc:datafield tag="040" ind1=" " ind2=" "><marc:subfield code="a">NDK</marc:subfield><marc:subfield code="c">NDK</marc:subfield><marc:subfield code="d">OCLCQ</marc:subfield><marc:subfield code="d">NDD</marc:subfield></marc:datafield><marc:datafield tag="049" ind1=" " ind2=" "><marc:subfield code="a">NDDP</marc:subfield></marc:datafield><marc:datafield tag="100" ind1="1" ind2=" "><marc:subfield code="a">Brown, George,</marc:subfield><marc:subfield code="d">1755-1822.</marc:subfield></marc:datafield><marc:datafield tag="245" ind1="1" ind2="0"><marc:subfield code="a">George Brown document,</marc:subfield><marc:subfield code="f">1808, Jun. 7,</marc:subfield><marc:subfield code="b">Baltimore.</marc:subfield></marc:datafield><marc:datafield tag="300" ind1=" " ind2=" "><marc:subfield code="a">1</marc:subfield><marc:subfield code="f">item.</marc:subfield></marc:datafield><marc:datafield tag="500" ind1=" " ind2=" "><marc:subfield code="a">Forms part of the History of Medicine Trent Manuscripts Collection.</marc:subfield></marc:datafield><marc:datafield tag="545" ind1=" " ind2=" "><marc:subfield code="a">Physician, of Baltimore.</marc:subfield></marc:datafield><marc:datafield tag="520" ind1="8" ind2=" "><marc:subfield code="a">Holograph, signed. Attests that William Patterson, Jr., cannot serve in the military due to his physical and mental condition. Also signed by Colin Mackenzie.</marc:subfield></marc:datafield><marc:datafield tag="541" ind1=" " ind2=" "><marc:subfield code="a">Source unknown.</marc:subfield></marc:datafield><marc:datafield tag="600" ind1="1" ind2="0"><marc:subfield code="a">Brown, George,</marc:subfield><marc:subfield code="d">1755-1822.</marc:subfield></marc:datafield><marc:datafield tag="700" ind1="1" ind2=" "><marc:subfield code="a">Mackenzie, Colin,</marc:subfield><marc:subfield code="d">1775?-1827.</marc:subfield></marc:datafield><marc:datafield tag="710" ind1="2" ind2=" "><marc:subfield code="a">History of Medicine Collections (Duke University)</marc:subfield></marc:datafield></marc:record>
</marc:collection>
